%YAML 1.1
%TAG !u! tag:unity3d.com,2011:
--- !u!1001 &100100000
Prefab:
  m_ObjectHideFlags: 1
  serializedVersion: 2
  m_Modification:
    m_TransformParent: {fileID: 0}
    m_Modifications: []
    m_RemovedComponents: []
  m_ParentPrefab: {fileID: 0}
  m_RootGameObject: {fileID: 1306604143306846}
  m_IsPrefabParent: 1
--- !u!1 &1306604143306846
GameObject:
  m_ObjectHideFlags: 0
  m_PrefabParentObject: {fileID: 0}
  m_PrefabInternal: {fileID: 100100000}
  serializedVersion: 5
  m_Component:
  - component: {fileID: 4153306167076406}
  - component: {fileID: 33953520733192080}
  - component: {fileID: 23638356488497236}
  - component: {fileID: 114115735017718704}
  - component: {fileID: 114383542091430116}
  - component: {fileID: 114014479314978204}
  - component: {fileID: 54685426108801924}
  - component: {fileID: 65851042675664614}
  - component: {fileID: 114575483515803114}
  - component: {fileID: 114734136433575046}
  - component: {fileID: 114577774056810056}
  m_Layer: 2
  m_Name: CannedDrink1
  m_TagString: Untagged
  m_Icon: {fileID: 0}
  m_NavMeshLayer: 0
  m_StaticEditorFlags: 0
  m_IsActive: 1
--- !u!4 &4153306167076406
Transform:
  m_ObjectHideFlags: 1
  m_PrefabParentObject: {fileID: 0}
  m_PrefabInternal: {fileID: 100100000}
  m_GameObject: {fileID: 1306604143306846}
  m_LocalRotation: {x: -0, y: -0, z: -0, w: 1}
  m_LocalPosition: {x: -0.118, y: 0.266, z: 9.372}
  m_LocalScale: {x: 1, y: 1, z: 1}
  m_Children: []
  m_Father: {fileID: 0}
  m_RootOrder: 0
  m_LocalEulerAnglesHint: {x: 0, y: 0, z: 0}
--- !u!23 &23638356488497236
MeshRenderer:
  m_ObjectHideFlags: 1
  m_PrefabParentObject: {fileID: 0}
  m_PrefabInternal: {fileID: 100100000}
  m_GameObject: {fileID: 1306604143306846}
  m_Enabled: 1
  m_CastShadows: 1
  m_ReceiveShadows: 1
  m_DynamicOccludee: 1
  m_MotionVectors: 1
  m_LightProbeUsage: 1
  m_ReflectionProbeUsage: 1
  m_Materials:
  - {fileID: 2100000, guid: 0685636c62f163443bbc801af00de25c, type: 2}
  - {fileID: 2100000, guid: dd0cdff7fb1e64349aa9063c9719730e, type: 2}
  - {fileID: 2100000, guid: ffd1eb9a1465b5540a92d9a3a4f07ad7, type: 2}
  m_StaticBatchInfo:
    firstSubMesh: 0
    subMeshCount: 0
  m_StaticBatchRoot: {fileID: 0}
  m_ProbeAnchor: {fileID: 0}
  m_LightProbeVolumeOverride: {fileID: 0}
  m_ScaleInLightmap: 1
  m_PreserveUVs: 0
  m_IgnoreNormalsForChartDetection: 0
  m_ImportantGI: 0
  m_StitchLightmapSeams: 0
  m_SelectedEditorRenderState: 3
  m_MinimumChartSize: 4
  m_AutoUVMaxDistance: 0.5
  m_AutoUVMaxAngle: 89
  m_LightmapParameters: {fileID: 0}
  m_SortingLayerID: 0
  m_SortingLayer: 0
  m_SortingOrder: 0
--- !u!33 &33953520733192080
MeshFilter:
  m_ObjectHideFlags: 1
  m_PrefabParentObject: {fileID: 0}
  m_PrefabInternal: {fileID: 100100000}
  m_GameObject: {fileID: 1306604143306846}
  m_Mesh: {fileID: 4300000, guid: b44a0d7eb0a1c7a4ab2f38936c66e29a, type: 3}
--- !u!54 &54685426108801924
Rigidbody:
  m_ObjectHideFlags: 1
  m_PrefabParentObject: {fileID: 0}
  m_PrefabInternal: {fileID: 100100000}
  m_GameObject: {fileID: 1306604143306846}
  serializedVersion: 2
  m_Mass: 1
  m_Drag: 0
  m_AngularDrag: 0.05
  m_UseGravity: 1
  m_IsKinematic: 0
  m_Interpolate: 0
  m_Constraints: 0
  m_CollisionDetection: 0
--- !u!65 &65851042675664614
BoxCollider:
  m_ObjectHideFlags: 1
  m_PrefabParentObject: {fileID: 0}
  m_PrefabInternal: {fileID: 100100000}
  m_GameObject: {fileID: 1306604143306846}
  m_Material: {fileID: 0}
  m_IsTrigger: 0
  m_Enabled: 1
  serializedVersion: 2
  m_Size: {x: 0.074038, y: 0.120178, z: 0.074038}
  m_Center: {x: 0, y: -0.00059499964, z: 0}
--- !u!114 &114014479314978204
MonoBehaviour:
  m_ObjectHideFlags: 1
  m_PrefabParentObject: {fileID: 0}
  m_PrefabInternal: {fileID: 100100000}
  m_GameObject: {fileID: 1306604143306846}
  m_Enabled: 1
  m_EditorHideFlags: 0
  m_Script: {fileID: 11500000, guid: 18055ba762aa3994f9c10208cd088bc5, type: 3}
  m_Name: 
  m_EditorClassIdentifier: 
--- !u!114 &114115735017718704
MonoBehaviour:
  m_ObjectHideFlags: 1
  m_PrefabParentObject: {fileID: 0}
  m_PrefabInternal: {fileID: 100100000}
  m_GameObject: {fileID: 1306604143306846}
  m_Enabled: 1
  m_EditorHideFlags: 0
  m_Script: {fileID: 11500000, guid: a3abaf4521bf2344ea21ed3020b98eb2, type: 3}
  m_Name: 
  m_EditorClassIdentifier: 
  disableWhenIdle: 1
  touchHighlightColor: {r: 1, g: 1, b: 0, a: 0.105882354}
  allowedTouchControllers: 0
  ignoredColliders: []
  isGrabbable: 1
  holdButtonToGrab: 1
  stayGrabbedOnTeleport: 1
  validDrop: 1
  grabOverrideButton: 0
  allowedGrabControllers: 0
  grabAttachMechanicScript: {fileID: 114383542091430116}
  secondaryGrabActionScript: {fileID: 114014479314978204}
  isUsable: 0
  holdButtonToUse: 1
  useOnlyIfGrabbed: 0
  pointerActivatesUseAction: 0
  useOverrideButton: 0
  allowedUseControllers: 0
  usingState: 0
--- !u!114 &114383542091430116
MonoBehaviour:
  m_ObjectHideFlags: 1
  m_PrefabParentObject: {fileID: 0}
  m_PrefabInternal: {fileID: 100100000}
  m_GameObject: {fileID: 1306604143306846}
  m_Enabled: 1
  m_EditorHideFlags: 0
  m_Script: {fileID: 11500000, guid: 5ec2ac476f2fc9a45a4e69712580a603, type: 3}
  m_Name: 
  m_EditorClassIdentifier: 
  precisionGrab: 1
  rightSnapHandle: {fileID: 0}
  leftSnapHandle: {fileID: 0}
  throwVelocityWithAttachDistance: 0
  throwMultiplier: 1
  onGrabCollisionDelay: 0
--- !u!114 &114575483515803114
MonoBehaviour:
  m_ObjectHideFlags: 1
  m_PrefabParentObject: {fileID: 0}
  m_PrefabInternal: {fileID: 100100000}
  m_GameObject: {fileID: 1306604143306846}
  m_Enabled: 1
  m_EditorHideFlags: 0
  m_Script: {fileID: 11500000, guid: e97f25b40eeb2b14dbcf66e5c6c98972, type: 3}
  m_Name: 
  m_EditorClassIdentifier: 
  targetTag: TrashCan
--- !u!114 &114577774056810056
MonoBehaviour:
  m_ObjectHideFlags: 1
  m_PrefabParentObject: {fileID: 0}
  m_PrefabInternal: {fileID: 100100000}
  m_GameObject: {fileID: 1306604143306846}
  m_Enabled: 1
  m_EditorHideFlags: 0
  m_Script: {fileID: 11500000, guid: e2e44dd10ddb80a46a4e8e7d0c4faf8e, type: 3}
  m_Name: 
  m_EditorClassIdentifier: 
  soundName: SodaCanDrop
  interval: 0.5
--- !u!114 &114734136433575046
MonoBehaviour:
  m_ObjectHideFlags: 1
  m_PrefabParentObject: {fileID: 0}
  m_PrefabInternal: {fileID: 100100000}
  m_GameObject: {fileID: 1306604143306846}
  m_Enabled: 1
  m_EditorHideFlags: 0
  m_Script: {fileID: 11500000, guid: a6685c5e8d4be454882cff8b91f2be6f, type: 3}
  m_Name: 
  m_EditorClassIdentifier: 
  materialIndex: 2
  materials:
  - {fileID: 2100000, guid: 2730e0c7efa7e4d4e83100cca86b282e, type: 2}
  - {fileID: 2100000, guid: 6e3054699fce8c545b7da263741c0bcf, type: 2}
  - {fileID: 2100000, guid: 796215075e6a9114da6abb633e50869e, type: 2}
  - {fileID: 2100000, guid: 56f30214978d8e942b248832d1f896cc, type: 2}
